@book{tolman,
author = {R.C. Tolman},
title = {Principles of Statistical Mechanics}, 
publisher = {Oxford, Clarendon}, 
year = 1938
}

@article{Nyquist1,
  author = {H. Nyquist},
  title = {Certain Factors Affecting Telegraph Speed},
  journal = {Bell System Technical Journal},
  month = apr,
  year = 1924,
  pages = {324}
}

@article{Nyquist2,
  author = {H. Nyquist},
  title = {Certain Topics in Telegraph Transmission Theory},
  journal = {A.I.E.E.\ Trans.},
  volume = 47,
  month = apr,
  year = 1928,
  pages = {617}
}

@article{Hartley,
  author = {R.V.L. Hartley},
  title = {Transmission of Information},
  journal = {Bell System Technical Journal},
  month = jul,
  year = 1928,
  pages = {535}
}

@techreport{fano,
author = {R.M. Fano},
number = 65,
institution = {The Research Laboratory of Electronics, MIT},
month = mar,
year = 1949
} 

@article{hopf1,
  author = {E. Hopf}, 
  title = {Ergodentheorie},
  journal = {Ergebnisse der Mathematik und
    ihrer Grenzgebiete}, 
  volume = 5,
  year = 1934
}

@article{hopf2,
  author = {E. Hopf}, 
  title = {On Causality Statistics and Probability},
  journal =  {Journal of Mathematics and Physics},
  volume = 8,
  number = 1,
  year = 1934
}

@article{wiener,
  author = {N. Wiener}, 
  title = {The Ergodic Theorem},
  journal = {Duke Mathematical Journal}, 
  volume = 5, 
  year = 1939
}

@incollection{wiener2,
  author = {N. Wiener}, 
  title = {NDRC}, 
  booktitle = {The Interpolation, Extrapolation and
Smoothing of Stationary Time Series},
  publisher =  {Wiley}, 
  year = 1949
}

@book{wiener3,
  author = {N. Wiener}, 
  title = {Cybernetics}, 
  publisher = {Wiley},
  year = 1948
} 

@article{shannon,
  author = {C.E. Shannon},
  title = {Communication in the Presence of Noise},
  journal = {Proceedings of the Institute of Radio Engineers}, 
  volume = 37, 
  number =  1,
  month = jan,
  year = 1949, 
  pages = {10--21}
}